<record><leader>00000cas a22000007a 4500</leader><controlfield tag="001">5910546</controlfield><controlfield tag="008">800124d1838184uctumr ne      0   a0eng d</controlfield><datafield ind1=" " ind2=" " tag="010"><subfield code="a">sn 92051241 </subfield></datafield><datafield ind1=" " ind2=" " tag="040"><subfield code="a">TYC</subfield><subfield code="b">eng</subfield><subfield code="c">TYC</subfield><subfield code="d">OCL</subfield><subfield code="d">TYC</subfield><subfield code="d">CNW</subfield><subfield code="d">NVF</subfield><subfield code="d">DLC</subfield><subfield code="d">CNW</subfield><subfield code="d">OCL</subfield><subfield code="d">CNW</subfield><subfield code="d">OCLCF</subfield><subfield code="d">OCLCO</subfield></datafield><datafield ind1="1" ind2=" " tag="029"><subfield code="a">AU@</subfield><subfield code="b">000020125913</subfield></datafield><datafield ind1=" " ind2=" " tag="042"><subfield code="a">msc</subfield></datafield><datafield ind1=" " ind2=" " tag="090"><subfield code="a">E449</subfield><subfield code="b">.C476</subfield></datafield><datafield ind1="0" ind2=" " tag="130"><subfield code="a">Charter oak (Hartford, Conn. : 1838)</subfield></datafield><datafield ind1="0" ind2="0" tag="245"><subfield code="a">Charter oak.</subfield></datafield><datafield ind1=" " ind2=" " tag="260"><subfield code="a">Hartford [Conn.] :</subfield><subfield code="b">Connecticut Anti-Slavery Society,</subfield></datafield><datafield ind1=" " ind2=" " tag="300"><subfield code="a">v. ;</subfield><subfield code="c">24-51 cm.</subfield></datafield><datafield ind1=" " ind2=" " tag="310"><subfield code="a">Monthly</subfield></datafield><datafield ind1="0" ind2=" " tag="362"><subfield code="a">Vol. 1, no. 1 (Mar. 1838)-.</subfield></datafield><datafield ind1=" " ind2=" " tag="530"><subfield code="a">Also available on microfilm from Connecticut State Library, Hartford, CT.</subfield></datafield><datafield ind1=" " ind2=" " tag="580"><subfield code="a">Weekly ed.: Christian freeman (Hartford, Conn.).</subfield></datafield><datafield ind1=" " ind2="0" tag="650"><subfield code="a">Antislavery movements</subfield><subfield code="z">United States</subfield><subfield code="v">Newspapers.</subfield></datafield><datafield ind1=" " ind2="0" tag="651"><subfield code="a">Hartford (Conn.)</subfield><subfield code="v">Newspapers.</subfield></datafield><datafield ind1=" " ind2="7" tag="655"><subfield code="a">Newspapers.</subfield><subfield code="2">fast</subfield><subfield code="0">(OCoLC)fst01423814</subfield></datafield><datafield ind1=" " ind2="7" tag="650"><subfield code="a">Antislavery movements.</subfield><subfield code="2">fast</subfield><subfield code="0">(OCoLC)fst00810800</subfield></datafield><datafield ind1=" " ind2="7" tag="651"><subfield code="a">Connecticut</subfield><subfield code="z">Hartford.</subfield><subfield code="2">fast</subfield><subfield code="0">(OCoLC)fst01207441</subfield></datafield><datafield ind1=" " ind2="7" tag="651"><subfield code="a">United States.</subfield><subfield code="2">fast</subfield><subfield code="0">(OCoLC)fst01204155</subfield></datafield><datafield ind1="2" ind2=" " tag="710"><subfield code="a">Connecticut Anti-Slavery Society.</subfield></datafield><datafield ind1=" " ind2=" " tag="752"><subfield code="a">United States</subfield><subfield code="b">Connecticut</subfield><subfield code="c">Hartford</subfield><subfield code="d">Hartford.</subfield></datafield><datafield ind1="1" ind2=" " tag="775"><subfield code="t">Christian freeman (Hartford, Conn.)</subfield><subfield code="w">(DLC)sn 84025778</subfield><subfield code="w">(OCoLC)10657256</subfield></datafield><datafield ind1=" " ind2=" " tag="936"><subfield code="a">Apr. 1842</subfield></datafield></record>